@inbook{jddcp,
  doi = {10.25490/A97F-EGYK},
  url = {https://www.force11.org/group/joint-declaration-data-citation-principles-final},
  author = {{Data Citation Synthesis Group}},
  title = {Joint Declaration of Data Citation Principles},
  editor = {Martone, Maryann},
  publisher = {Force11},
  year = {2014}
}

@article{10.1257/pandp.110.dcap,
Author = {{American Economic Association}},
Title = {Data and Code Availability Policy},
Journal = {AEA Papers and Proceedings},
Volume = {110},
Year = {2020},
Month = {May},
Pages = {776-78},
DOI = {10.1257/pandp.110.776}}

@article{10.1257/pandp.111.dcap,
Author = {{American Economic Association}},
Title = {Data and Code Availability Policy},
Journal = {AEA Papers and Proceedings},
Volume = {111},
Year = {2021},
Month = {May},
Pages = {818-23},
DOI = {10.1257/pandp.111.818}}


@techreport{10.5164/iab.fdzd.1801.de.v1,
  doi = {10.5164/IAB.FDZD.1801.DE.V1},
  url = {http://fdz.iab.de/187/section.aspx/Publikation/k180404j02},
  author = {Schmucker, Alexandra and Eberle, Johanna and Ganzer, Andreas and Stegmaier, Jens and Umkehrer, Matthias},
  language = {ger},
  title = {Betriebs-Historik-Panel 1975-2016},
  publisher = {Forschungsdatenzentrum der Bundesagentur f端r Arbeit (BA) im Institut f端r Arbeitsmarkt- und Berufsforschung (IAB)},
  year = {2018}
}

@techreport{10.5164/iab.bhp7517.de.en.v1,
  doi = {10.5164/IAB.BHP7517.DE.EN.V1},
  url = {https://fdz.iab.de/de/FDZ_Establishment_Data/Establishment_History_Panel/IAB_BHP7517.aspx},
  author = {Schmucker,  Alexandra and Ganzer,  Andreas and Stegmaier,  Jens and Wolter,  Stefanie},
  language = {ger},
  title = {Betriebs-Historik-Panel 1975-2017},
  publisher = {Forschungsdatenzentrum der Bundesagentur f端r Arbeit (BA) im Institut f端r Arbeitsmarkt- und Berufsforschung (IAB)},
  year = {2018}
}

@misc{10.3886/icpsr29721.v1,
  doi = {10.3886/ICPSR29721.V1},
  url = {http://www.icpsr.umich.edu/icpsrweb/NACJD/studies/29721/version/1},
  author = {Campbell,  Rebecca and Greeson,  Megan and Bybee,  Deborah and Kennedy,  Angie},
  language = {eng},
  title = {Adolescent Sexual Assault Victims' Experiences with SANE-SARTs and the Criminal Justice System,  1998-2007},
  publisher = {ICPSR - Interuniversity Consortium for Political and Social Research},
  year = {2013}
}

@misc{American_Economic_Association2008-wayback,
  title        = "Data Availability Policy",
  author       = {{American Economic Association}},
  year         =  2008,
  urldate = {2019-09-21},
  url = {https://web.archive.org/web/20180927113622/https://www.aeaweb.org/journals/policies/data-availability-policy},
  nohowpublished = {\texttt{\href{https://web.archive.org/web/20180927113622/https://www.aeaweb.org/journals/policies/data-availability-policy}{https://www.aeaweb.org/journals/policies/data-availability-policy}}},
  nonote         = {(accessed: 2018-09-27 via Archive.org)}
}

@misc{AEA-announcement-July-2019,
  timestamp = {2019-09-21T23:07:30Z},
  title = {{{AEA Member Announcements}}: {{Updated AEA Data}} and {{Code Availability Policy}}},
  urldate = {2019-09-21},
  url = {https://web.archive.org/web/20191208160745/https://www.aeaweb.org/news/member-announcements-july-16-2019},
  journal = {AEA Member Announcements: Updated AEA Data and Code Availability Policy (July 16, 2019)},
  notusedurl = {https://www.aeaweb.org/news/member-announcements-july-16-2019},
  nohowpublished = {\texttt{\href{https://web.archive.org/web/20191208160745/https://www.aeaweb.org/news/member-announcements-july-16-2019}{https://www.aeaweb.org/news/member-announcements-july-16-2019}}},
  author       = "{American Economic Association}",
  month = jul,
  year = {2019},
  nonote         = {(accessed: 2019-12-08 via Archive.org)}
}


@article{10.1257/pandp.109.718,
Author = {Vilhuber, Lars},
Title = {Report by the AEA Data Editor},
Journal = {AEA Papers and Proceedings},
Volume = {109},
Year = {2019},
Month = {May},
Pages = {718-29},
DOI = {10.1257/pandp.109.718},
URL = {http://www.aeaweb.org/articles?id=10.1257/pandp.109.718}}

@Article{abowdschmutte.aer.2018,
	author    = {John M. Abowd and Ian M. Schmutte},
	title     = {An Economic Analysis of Privacy Protection and Statistical Accuracy as Social Choices},
	journal   = {American Economic Review},
	year      = {forthcoming},
	owner     = {vilhuber},
	timestamp = {2018.11.25},
}


@article{10.1257/pandp.108.745,
	Author = {Duflo, Esther and Hoynes, Hilary},
	Title = {Report of the Search Committee to Appoint a Data Editor for the AEA},
	Journal = {AEA Papers and Proceedings},
	Volume = {108},
	Year = {2018},
	Pages = {745},
	DOI = {10.1257/pandp.108.745},
	URL = {http://www.aeaweb.org/articles?id=10.1257/pandp.108.745}}

@online{citation-machine,
author = {Chegg},
title = {Citation Machine: Chicago Manual Of Style 17th Edition (Author Date) format citation generator for journal article},
howpublished = {\url{http://www.citationmachine.net/chicago-17-author-date}},
institution = {Citation Machine},
year = {2018},
urldate = {2018-10-02},
note = {(accessed on 2018-10-02)},
}

@online{ChicagoManualofStyleChicagoManualStyle2018,
	timestamp = {2018-10-02T15:39:27Z},
	title = {Author-Date: Sample Citations},
	abstract = {Find it. Write it. Cite it.},
	language = {en},
	urldate = {2018-10-02},
    note = {(accessed on 2018-10-02)},
 	url = {https://www.chicagomanualofstyle.org},
    howpublished = {\url{https://www.chicagomanualofstyle.org/tools_citationguide/citation-guide-2.html}},
	author = {{Chicago Manual of Style Online}},
	year = {2018},
	file = {Snapshot:/home/vilhuber/Zotero/storage/IVA5WXJV/citation-guide-2.html:text/html}
}

%
% Old-style
%


@techreport{duflopande2006,
author = {Esther Duflo and Rohini Pande},
year = 2006,
title = {Dams, Poverty, Public Goods and Malaria Incidence in India},
institution = {Murray Research Archive},
type = {[Distributor]},
number = { UNF:5:obNHHq1gtV400a4T+Xrp9g== V2 [Version]},
note = {\url{http://hdl.handle.net/1902.1/IOJHHXOOLZ}}
}

@techreport{leiss1999,
author = {Leiss, Amelia},
year = {1999},
title = {Arms Transfers to Developing Countries, 1945--1968},
institution = {Inter-University Consortium for Political and Social Research},
type = {[distributor]},
number = {ICPSR05404-v1},
address = {Ann Arbor, MI},
note = {DOI:  10.3886/ICPSR05404 (accessed February 8, 2011).},
}

%
% New Style
%
@techreport{duflopande2006-new,
	author = {Esther Duflo and Rohini Pande},
	year = 2006,
	title = {Dams, Poverty, Public Goods and Malaria Incidence in India},
	institution = {Murray Research Archive},
	type = {[Distributor]},
	number = { UNF:5:obNHHq1gtV400a4T+Xrp9g== V2 [Version]},
	url = {http://hdl.handle.net/1902.1/IOJHHXOOLZ}
}

@techreport{leiss1999-new,
	author = {Leiss, Amelia},
	year = {1999},
	title = {Arms Transfers to Developing Countries, 1945--1968},
	institution = {Inter-University Consortium for Political and Social Research},
	type = {[distributor]},
	urldate = {February 8, 2011},
	number = {ICPSR05404-v1},
	address = {Ann Arbor, MI},
	doi = {10.3886/ICPSR05404},
}


%
% OTHER
%

@online{dataone-cite,
author = {DataONE},
howpublished = {\url{https://www.dataone.org/citing-dataone}},
note = {(accessed on 2018-08-10)},
year = {2011},
title = {Data Citation and Attribution}
}

@online{dataone-l09,
author = {DataONE},
title = {DataONE Tutorial on Data Citation},
howpublished = {\url{http://www.dataone.org/sites/all/documents/L09\_DataCitation.pptx}},
institution = {DataONE},
note = {(accessed on 2018-08-10)},
year = {2011},
  urldate = {2018-05-22},
  url = {http://www.dataone.org/sites/all/documents/L09_DataCitation.pptx},

}

@online{icpsr-data-cite,
author = {ICPSR},
howpublished = {\url{https://www.icpsr.umich.edu/icpsrweb/ICPSR/curation/citations.jsp}},
institution = {ICPSR},
note = {accessed on 2018-08-10},
year = {2018},
title = {Data Citations},
}


@online{aeadatarefs,
author = {{American Economic Association}},
title = {Sample References},
howpublished = {\url{https://www.aeaweb.org/journals/policies/sample-references}},
year = {2018},
note = {(accessed on 2018-08-10)},
}

@online{force11declaration,
author = "Martone, M. (ed.)",
title = "Data Citation Synthesis Group: Joint Declaration of Data Citation Principles",
journal = "FORCE11",
doi = {10.25490/a97f-egyk},
url = {https://doi.org/10.25490/a97f-egyk},
year = 2014

}

@techreport{DVN/DFMLIU_2020,
author = {{AEA RCT Registry}},
institution = {Harvard Dataverse},
title = "{Registrations in the AEA RCT Registry (2013-04 to 2020-01)}",
number = {UNF:6:kWiM5wm1x75KKsxWAAqr4g==},
year = {2020},
version = {V2},
doi = {10.7910/DVN/DFMLIU},
url = {https://doi.org/10.7910/DVN/DFMLIU}
}

@techreport{E117873V1,
author = {Lars Vilhuber},
year = {2020},
title = "Data files for {AEA} Repository migration",
institution = {American Economic Association [publisher]}, 
series = {Inter-university Consortium for Political and Social Research [distributor]},
doi = {10.3886/E117873V1},
}

@techreport{E117876V1,
author = {Lars Vilhuber},
year = {2020},
title = "Process data for the {AEA} Pre-publication Verification Service",
institution = {American Economic Association [publisher]}, 
series = {Inter-university Consortium for Political and Social Research [distributor]},
doi = {10.3886/E117876V1},
}

@techreport{E117876V3,
author = {Lars Vilhuber},
year = {2022},
title = "Process data for the {AEA} Pre-publication Verification Service",
institution = {American Economic Association [publisher]}, 
number = {V3},
series = {Inter-university Consortium for Political and Social Research [distributor]},
doi = {10.3886/E117876V3},
}

@techreport{E117876V4,
author = {Lars Vilhuber},
year = {2023},
title = "Process data for the {AEA} Pre-publication Verification Service",
institution = {American Economic Association [publisher]}, 
number = {V4},
series = {Inter-university Consortium for Political and Social Research [distributor]},
doi = {10.3886/E117876V4},
}


@techreport{E117876V5,
author = {Lars Vilhuber},
year = {2024},
title = "Process data for the {AEA} Pre-publication Verification Service",
institution = {American Economic Association [publisher]}, 
number = {V5},
series = {Inter-university Consortium for Political and Social Research [distributor]},
doi = {10.3886/E117876V5},
}

@techreport{E117884V1,
author = {Lars Vilhuber and David Wasser and James Turitto},
year = {2020},
title = "Code and Data for: Report for 2019 by the {AEA} {Data} {Editor}",
institution = {American Economic Association [publisher]}, 
series = {Inter-university Consortium for Political and Social Research [distributor]},
doi = {10.3886/E117884V1},
}

@techreport{report2022data,
author = {Lars Vilhuber},
year = {2023},
title = "Code and Data for: Report for 2022 by the {AEA} {Data} {Editor}",
institution = {American Economic Association [publisher]}, 
series = {Inter-university Consortium for Political and Social Research [distributor]},
doi = {TBD},
}

@techreport{report2023data,
author = {Lars Vilhuber},
year = {2024},
title = "Code and Data for: Report for 2023 by the {AEA} {Data} {Editor}",
institution = {American Economic Association [publisher]}, 
series = {Inter-university Consortium for Political and Social Research [distributor]},
doi = {10.3886/E198444V1},
}


============ Zenodo stuff

@techreport{u_s_geological_survey_2022_5830968,
  author       = {{U.S. Geological Survey} and
                  Brooks, Leah},
  title        = {{USGS National Map 3DEP 1 Arc-second Digital 
                   Elevation Models (DEMs): Full Coverage for U.S.
                   Interstate Highway System}},
  month        = jan,
  year         = 2022,
  note         = {{These data were acquired by Leah Brooks (GWU) and 
                   uploaded here by Lars Vilhuber (Cornell
                   University). Data are provided as-is, and no claim
                   to completeness is made.}},
  type         = {[data]},
  institution    = {Zenodo},
  doi          = {10.5281/zenodo.5830968},
  url          = {https://doi.org/10.5281/zenodo.5830968}
}

@article{10.1257/app.20200398,
  title = "Infrastructure Costs",
  url = "https://www.aeaweb.org/articles?id=10.1257/app.20200398",
  author = {Leah Brooks and Zachary Liscow },
  journal = "American Economic Journal: Applied Economics",
  volume = "forthcoming",
  }


@techreport{ministerio_de_desarrollo_productivo_arge_2022_6568295,
  author       = {{Ministerio de Desarrollo Productivo Argentina} and
                  Daruich, Diego and
                  Kozlowski, Julian and
                  Vilhuber, Lars},
  title        = {Precios Claros (2016-05 - 2018-03)},
  month        = may,
  year         = 2022,
  type = "[data]",
  institution    = {Zenodo},
  doi          = {10.5281/zenodo.6568295},
  url          = {https://doi.org/10.5281/zenodo.6568295}
}

@article{10.1257/mac.20210172,
title="Macroeconomic Implications of Uniform Pricing",
author = "Diego Daruich and Julian Kozlowski",
journal = "American Economic Journal: Macroeconomics",
volume = "forthcoming",
url = "https://www.aeaweb.org/articles?id=10.1257/mac.20210172"
}

=============== Dataverse

@techreport{DVN/FI77KZ_2022,
author = {{AEA RCT Registry}},
institution = {Harvard Dataverse},
title = {{Registrations in the AEA RCT Registry (2013-05-15 through 2022-12-01)}},
UNF = {UNF:6:Q2wcJz2jTdiarzYYOvvgqA==},
year = {2022},
type = "[data]",
number = {V1},
doi = {10.7910/DVN/FI77KZ},
url = {https://doi.org/10.7910/DVN/FI77KZ}
}

@techreport{DVN/TGMJFD_2022,
author = {{AEA RCT Registry}},
institution = {Harvard Dataverse},
title = {{Registrations in the AEA RCT Registry (2013-05-15 through 2022-11-01)}},
UNF = {UNF:6:YV7c4awE8gsbcqzzFM9u+w==},
year = {2022},
type = "[data]",
number = {V1},
doi = {10.7910/DVN/TGMJFD},
url = {https://doi.org/10.7910/DVN/TGMJFD}
}

@techreport{DVN/8YNXVW_2023,
author = {{AEA RCT Registry}},
institution = {Harvard Dataverse},
title = {{Registrations in the AEA RCT Registry (2013-05-15 through 2023-11-01)}},
UNF = {UNF:6:UFWnPbOYoMWu8W9XQi0PZQ==},
year = {2023},
type = "[data]",
version = {V1},
doi = {10.7910/DVN/8YNXVW},
url = {https://doi.org/10.7910/DVN/8YNXVW}
}


@techreport{DVN/2RZF2X_2024,
author = {{AEA RCT Registry}},
institution = {Harvard Dataverse},
title = {{Registrations in the AEA RCT Registry (2013-05-15 through 2024-02-01)}},
UNF = {UNF:6:xKvggJrBIE4FqbObzgcKOA==},
year = {2024},
type = "[data]",
version = {V1},
doi = {10.7910/DVN/2RZF2X},
url = {https://doi.org/10.7910/DVN/2RZF2X}
}
